@inproceedings{da1992basic,
  title={Basic photometry techniques},
  author={Da Costa, GS},
  booktitle={Astronomical CCD observing and reduction techniques},
  volume={23},
  pages={90},
  year={1992}
}
@book{scopatz2015effective,
  title={Effective Computation in Physics: Field Guide to Research with Python},
  author={Scopatz, Anthony and Huff, Kathryn D.},
  year={2015},
  publisher={O’Reilly Media, Inc.},
  isbn={978-1-491-90153-3},
  url={https://www.oreilly.com/library/view/effective-computation-in/9781491901540/}
}
@article{mazeh2006automated,
  title={Automated analysis of eclipsing binary light curves – I. EBAS},
  author={Mazeh, T. and Tamuz, O. and North, P.},
  journal={Monthly Notices of the Royal Astronomical Society},
  volume={367},
  number={4},
  pages={1521--1528},
  year={2006},
  publisher={Oxford University Press},
  doi={10.1111/j.1365-2966.2006.10013.x},
  url={https://academic.oup.com/mnras/article/367/4/1521/1746920}
}
